% Motivation
@online{Amazon16,
  author = {{Amazon.com, Inc.}},
  title = {Amazon Prime Air},
  year = 2016,
  url = {http://www.amazon.com/b?node=8037720011},
  urldate = {2016-02-16}
}

@online{BBC16,
  author = {{BBC Technology}},
  title = {Google plans drone delivery service for 2017},
  year = 2016,
  url = {http://www.bbc.com/news/technology-34704868},
  urldate = {2016-02-16}
}

@online{AUVSI16,
  author = {{AUVSI News}},
  title = {UAS Aid in South Carolina Tornado Investigation},
  year = 2016,
  url = {http://www.auvsi.org/blogs/auvsi-news/2016/01/29/tornado},
  urldate = {2016-02-16}
}

@online{NASA16,
  author = {{National Aeronautics and Space Administration}},
  title = {Challenge is On to Design Sky for All},
  year = 2016,
  url = {http://www.nasa.gov/feature/challenge-is-on-to-design-sky-for-all},
  urldate = {2016-02-12}
}

@ARTICLE{Tice91,
	title={Unmanned Aerial Vehicles -- The Force Multiplier of the 1990s},
	author={Tice, Brian P.},
	journal={Airpower Journal},
	year={1991},
}

@techreport{FAA13,
  author = {{Jointed Planning and Development Office (JPDO)}},
  title = {Unmanned Aircraft Systems {(UAS)} Comprehensive Plan -- A Report on the Nation's {UAS} Path Forward},
  institution = {Federal Aviation Administration},
  year = {2013}
}

@INPROCEEDINGS{Debusk10, 
author={Wesley M. Debusk}, 
booktitle={Infotech@Aerospace Conferences}, 
title={Unmanned Aerial Vehicle Systems for Disaster Relief: Tornado Alley}, 
year={2010}, 
}

% Related work
@phdthesis{Lin13,	title={Differential Games for Multi-agent Systems under Distributed Information},	author={Wei Lin},	school={University of Central Florida},	year={2013},}    @inproceedings{Fisac15,  title = {The Pursuit-Evasion-Defense Differential Game in Dynamic Constrained Environments},  author={Jaime F. Fisac and S. Shankar Sastry},  booktitle={IEEE Conference on Decision and Control},  year={2015},}@inproceedings{Su14,  title = {Bounded guidance law based on differential game for three-player conflict},  author={Mao Su and Yong-ji Wang and Lei Liu},  booktitle={IEEE Conference on Modeling, Identification, and Control},  year={2014},}@article{Tanimoto78,author={S. Tanimoto},title={On a class of three-player differential games},journal={Journal of Optimization Theory and Applications},volume={25},number={3},pages={469?473},issn={1573-2878},
year={1978}}

% HJ Reachability theory@ARTICLE{Mitchell05,
	title={A time-dependent {Hamilton-Jacobi} formulation of reachable sets for continuous dynamic games},
	author={Mitchell, I.M. and Bayen, A.M. and Tomlin, C.J.},
	journal={IEEE Transactions on Automatic Control},
	year={2005},
	volume={50},
	number={7},
	pages={ 947-957},
	doi={10.1109/TAC.2005.851439},
	ISSN={}, 
}

% HJ Reachability applications
@inproceedings{Ding08,
  title={Reachability Calculations for Automated Aerial Refueling},
  author={Jerry Ding and Jonathan Sprinkle and S. Shankar Sastry and Claire J. Tomlin},
  booktitle={IEEE Conference on Decision and Control},
  address={Cancun, Mexico},
  year={2008},
}


@INPROCEEDINGS{Chen14, 
author={Mo Chen and Zhengyuan Zhou and Claire J. Tomlin}, 
booktitle={Proceedings of the American Control Conference}, 
title={Multiplayer Reach-Avoid Games via Low Dimensional Solutions and Maximum Matching}, 
year={2014}, 
}

@INPROCEEDINGS{Chen15,
title = {Safe Sequential Path Planning of Multi-Vehicle Systems via Double-Obstacle Hamilton-Jacobi-Isaacs Variational Inequality},
author = {Mo Chen and Jaime Fisac and Claire J. Tomlin and Shankar Sastry},
booktitle = {European Control Conference},
year = {2015}
}

@INPROCEEDINGS{Chen15b,
title = {Safe Platooning of Unmanned Aerial Vehicles via Reachability},
author = {Mo Chen and Qie Hu and Casey Mackin and Jaime Fisac and Claire J. Tomlin},
booktitle = {IEEE Conference on Decision and Control},
year = {2015}
}

@ARTICLE{Chen16,
	title={Guaranteeing Safety and Liveness of Unmanned Aerial Vehicle Platoons on Air Highways},
	author={Mo Chen and Qie Hu and Jaime Fisac and Kene Akametalu and Casey Mackin and Claire Tomlin},
	journal={arXiv:1602.08150},
	year={2016},
}