%%%%%%%%%%%%%%%%%%%%%
%%%%%%% THEORY %%%%%%%
%%%%%%%%%%%%%%%%%%%%%
@book{coddington55,
author = {Coddington, Earl A and Levinson, Norman},
publisher = {Tata McGraw-Hill Education},
title = {{Theory of ordinary differential equations}},
year = {1955}
}

@article{evans84,
 title = {Differential games and representation formulas for solutions of {Hamilton-Jacobi-Isaacs} equations},
 author = {Evans, L. C. and Souganidis, P. E.},
 journal = {Indiana University Mathematics Journal},
 volume = {33},
 number = {5},
 pages = "773-797",
 year = {1984},
}

@article{Crandall84,
author = {Crandall, M. G. and Evans, L. C. and Lions, P. L.},
doi = {10.2307/1999247},
issn = {00029947},
journal = {Transactions of the American Mathematical Society},
month = apr,
number = {2},
pages = {487},
title = {Some Properties of Viscosity Solutions of Hamilton-Jacobi Equations},
volume = {282},
year = {1984}
}

@article{Barron89,
author = {Barron, EN and Ishii, H},
journal = {Nonlinear Analysis: Theory, Methods \& Applications},
title = {{The Bellman equation for minimizing the maximum cost}},
year = {1989}
}

@article{Bokanowski10,
author = {Bokanowski, Olivier and Forcadel, Nicolas and Zidani, Hasnaa},
journal = {SIAM Journal on Control and \ldots},
pages = {1--24},
title = {{Reachability and minimal times for state constrained nonlinear problems without any controllability assumption}},
year = {2010}
}


@article{Fisac15,
title = {Reach-Avoid Problems with Time-Varying Dynamics, Targets and Constraints.},
author = {Fisac, Jaime F. and Chen, Mo and Tomlin, Claire J. and Sastry, S. Shankar},
booktitle = {18th International Conference on Hybrid Systems: Computation and Controls},
year = {2015}
}

@article{Varaiya67,
author = {Varaiya, Pravin},
journal = {SIAM Journal on Control},
number = {1},
pages = {153--162},
publisher = {SIAM},
title = {{On the existence of solutions to a differential game}},
volume = {5},
year = {1967}
}
%%%%%%%%%%%%%%%%%%%%%%%%%%%%
%%%%%%% APPLICATION %%%%%%%
%%%%%%%%%%%%%%%%%%%%%%%%%%%%
@ARTICLE{paglione99,
	title={Generic Metrics for the Estimation of the Prediction Accuracy of Aircraft to Aircraft Conflicts by a Strategic Conflict Probe Tool},
	author={Mike M. Paglione, Mary Lee Cale, and Hollis F. Ryan},
	journal={Air Traffic Control Quarterly},
	year={1999},
}

@ARTICLE{Tice91,
	title={Unmanned Aerial Vehicles -- The Force Multiplier of the 1990s},
	author={Tice, Brian P.},
	journal={Airpower Journal},
	year={1991},
}

@online{PrimeAir,
  author = {{Amazon.com, Inc.}},
  title = {Amazon Prime Air},
  year = 2014,
  url = {http://www.amazon.com/b?node=8037720011},
  urldate = {2014-10-17}
}

@online{ProjectWing,
  author = {Stewart, Jack},
  title = {{Google tests drone deliveries in Project Wing trials}},
  year = 2014,
  url = {http://www.bbc.com/news/technology-28964260},
  urldate = {2014-10-17}
}

@techreport{FAA13,
  author = {{Jointed Planning and Development Office (JPDO)}},
  title = {Unmanned Aircraft Systems {(UAS)} Comprehensive Plan -- A Report on the Nation's {UAS} Path Forward},
  institution = {Federal Aviation Administration},
  year = {2013}
}

@INPROCEEDINGS{Debusk10, 
author={Wesley M. Debusk}, 
booktitle={Infotech@Aerospace Conferences}, 
title={Unmanned Aerial Vehicle Systems for Disaster Relief: Tornado Alley}, 
year={2010}, 
}

@ARTICLE{Mitchell05,
	title={A time-dependent {Hamilton-Jacobi} formulation of reachable sets for continuous dynamic games},
	author={Mitchell, I.M. and Bayen, A.M. and Tomlin, C.J.},
	journal={IEEE Transactions on Automatic Control},
	year={2005},
	volume={50},
	number={7},
	pages={ 947-957},
	doi={10.1109/TAC.2005.851439},
	ISSN={}, 
}

@INPROCEEDINGS{Chen14, 
author={Mo Chen and Zhengyuan Zhou and Tomlin, C.J.}, 
booktitle={Proceedings of the American Control Conference}, 
title={Multiplayer Reach-Avoid Games via Low Dimensional Solutions and Maximum Matching}, 
year={2014}, 
}

@inproceedings{Ding08,
  title="Reachability Calculations for Automated Aerial Refueling",
  author="Jerry Ding and Jonathan Sprinkle and S. Shankar Sastry and Claire J. Tomlin",
  booktitle="IEEE Conference on Decision and Control",
  address="Cancun, Mexico",
  year="2008",
}

%%%%%%%%%%%%%%%%%%%%%%%%%
%%%%%%% NUMERICAL %%%%%%%
%%%%%%%%%%%%%%%%%%%%%%%%%
@article{Chen15,
archivePrefix = {arXiv},
arxivId = {1503.05933},
title = {Exact and Efficient Hamilton-Jacobi Reachability for Decoupled Systems},
author = {Mo Chen and Claire J. Tomlin},
eprint = {1503.05933},
journal = {Submitted to 54th IEEE Conference on Decision
  and Control},
url = {http://arxiv.org/abs/1503.05933},
year = {2015}
}

@article{Sethian96,
author = {Sethian, J A}, 
title = {A fast marching level set method for monotonically advancing fronts},
volume = {93}, 
number = {4}, 
pages = {1591-1595}, 
year = {1996}, 
journal = {Proceedings of the National Academy of Sciences} 
}

@Book{Osher02,
  author = 	 {Stanley Osher and Ronald Fedkiw},
  title = 	 {Level Set Methods and Dynamic Implicit Surfaces},
  publisher = 	 {Springer-Verlag},
  year = 	 {2002},
  NOTE = { {ISBN}: 978-0-387-95482-0}
}

@BOOK{Lygeros12,
  author = {John Lygeros and Shankar Sastry and Claire Tomlin},
  publisher = {Springer Verlag},
  title = {Hybrid Systems: Foundations, advanced topics and applications},
  year = 2012
}

@Book{LSToolbox,
	AUTHOR =  "Ian Mitchell",
	TITLE = 	"{A Toolbox of Level Set Methods}",
	NOTE = "\url{http://people.cs.ubc.ca/~mitchell/ToolboxLS/index.html}",
	year = {2009},
}

@article{Kavathekar11,
	author = {Pooja Kavathekar and YangQuan Chen},
	title = {Vehicle Platooning: A Brief Survey and Categorization},
	year = {2011},
	pages = {829-845},
	booktitle = {Proceedings of the ASME Design Engineering Technical Conference},
	volume = {3},
}

@ARTICLE{Lygeros98, 
author={Lygeros, J. and Godbole, D.N. and Sastry, S.}, 
journal={Automatic Control, IEEE Transactions on}, 
title={Verified hybrid controllers for automated vehicles}, 
year={1998}, 
month={Apr}, 
volume={43}, 
number={4}, 
pages={522-539}, 
doi={10.1109/9.664155}, 
ISSN={0018-9286},}

@INPROCEEDINGS{McMahon90, 
author={McMahon, D.H. and Hedrick, J.K. and Shladover, S.E.}, 
booktitle={American Control Conference, 1990}, 
title={Vehicle Modelling and Control for Automated Highway Systems}, 
year={1990}, 
month={May}, 
pages={297-303}, 
}

@book{Hedrick92,
  title={Transitional Platoon Maneuvers in an Automated Highway System},
  author={Hedrick, J.K. and Zhang, G. and Narendran, V.K. and Chang, K.S. and Partners for Advanced Transit and Highways (Calif.) and University of California, Berkeley. Institute of Transportation Studies},
  year={1992},
  publisher={California PATH Program, Institute of Transportation Studies, University of California at Berkeley}
}

@INPROCEEDINGS{Alam11,
     author = {Alam, Assad and Gattami, Ather and Johansson, Karl Henrik and Tomlin, Claire J.},
      month = {August},
      title = {Establishing Safety for Heavy Duty Vehicle Platooning: A Game Theoretical Approach},
  booktitle = {18th IFAC World Congress},
       year = {2011},
    address = {Milan, Italy}
}



%%%%%%%%%%%%%%%%%%%%%%%%%
%%%%%%% THESES %%%%%%%
%%%%%%%%%%%%%%%%%%%%%%%%%
@PHDTHESIS{mitchell-thesis,
	title={Application of Level Set Methods to Control and Reachability Problems in Continuous and Hybrid Systems},
	author={Ian Mitchell},
	school={Stanford University},
	year={2002},
}    
