%%%%%%%%%%%%%%%%%%%%%
%%%%%%% THEORY %%%%%%%
%%%%%%%%%%%%%%%%%%%%%
@book{Coddington55,
  author = {Earl A. Coddington and Norman Levinson},
  publisher = {Tata McGraw-Hill Education},
  title = {{Theory of ordinary differential equations}},
  year = {1955}
}

@article{Evans84,
  title = {Differential games and representation formulas for solutions of {Hamilton-Jacobi-Isaacs} equations},
  author = {L. C. Evans and P. E. Souganidis},
  journal = {Indiana Univ. Math. J.},
  volume = {33},
  number = {5},
  pages = {773-797},
  year = {1984}
}

@article{Crandall84,
  author = {M. G. Crandall and L. C. Evans and P. L. Lions},
  doi = {10.2307/1999247},
  issn = {00029947},
  journal = {Transactions of the American Mathematical Society},
  month = {April|,
  number = {2},
  pages = {487},
  title = {Some Properties of Viscosity Solutions of Hamilton-Jacobi Equations},
  volume = {282},
  year = {1984}
}

@article{Barron89,
author = {E. N. Barron and H. Ishii},
journal = {Nonlinear Analysis: Theory, Methods \& Applications},
title = {{The Bellman equation for minimizing the maximum cost}},
year = {1989}
}

@article{Bokanowski10,
  author = {Olivier Bokanowski and Nicolas Forcadel and Hasnaa Zidani},
  journal = {SIAM Journal on Control and Optimization},
  pages = {1--24},
  title = {{Reachability and minimal times for state constrained nonlinear problems without any controllability assumption}},
  year = {2010}
}

@inproceedings{Fisac15,
  title = {Reach-Avoid Problems with Time-Varying Dynamics, Targets and Constraints},
  author = {Jaime F. Fisac and Mo Chen and Claire J. Tomlin and S. Shankar Shankar},
  booktitle = {18th International Conference on Hybrid Systems: Computation and Controls},
  year = {2015}
}

@article{Varaiya67,
  author = {Pravin Varaiya},
  journal = {SIAM Journal on Control},
  number = {1},
  pages = {153--162},
  publisher = {SIAM},
  title = {{On the existence of solutions to a differential game}},
  volume = {5},
  year = {1967}
}

@INPROCEEDINGS{Bansal16, 
author={Somil Bansal* and Mo Chen* and Claire J. Tomlin}, 
booktitle={Submitted to IEEE Conference on Decision and Control}, 
title={Safe Sequential Path Planning of Multi-Vehicle Systems Under Presence of Disturbances and Measurement Noise}, 
year={2016}, 
}

@INPROCEEDINGS{Chen16, 
author={Mo Chen* and Jennifer Shih* and Claire J. Tomlin}, 
booktitle={Submitted to IEEE Conference on Decision and Control}, 
title={Multi-Vehicle Collision Avoidance via Reachability and Mixed Integer Programming}, 
year={2016}, 
}

%%%%%%%%%%%%%%%%%%%%%%%%%%%%
%%%%%%% APPLICATION %%%%%%%
%%%%%%%%%%%%%%%%%%%%%%%%%%%%
@article{Paglione99,
	title={Generic Metrics for the Estimation of the Prediction Accuracy of Aircraft to Aircraft Conflicts by a Strategic Conflict Probe Tool},
	author={Mike M. Paglione and Mary Lee Cale and Hollis F. Ryan},
	journal={Air Traffic Control Quarterly},
	year={1999},
}

@article{Tice91,
	title={Unmanned Aerial Vehicles -- The Force Multiplier of the 1990s},
	author={Tice, Brian P.},
	journal={Airpower Journal},
	year={1991},
}

@online{PrimeAir,
  author = {{Amazon.com, Inc.}},
  title = {Amazon Prime Air},
  year = 2014,
  url = {http://www.amazon.com/b?node=8037720011},
  urldate = {2014-10-17}
}

@online{Tornado16,
  author = {{AUVSI News}},
  title = {UAS Aid in South Carolina Tornado Investigation},
  year = 2016,
  url = {http://www.auvsi.org/blogs/auvsi-news/2016/01/29/tornado},
  urldate = {2016-02-16}
}

@online{NASA16,
  author = {{National Aeronautics and Space Administration}},
  title = {Challenge is On to Design Sky for All},
  year = 2016,
  url = {http://www.nasa.gov/feature/challenge-is-on-to-design-sky-for-all},
  urldate = {2016-02-12}
}

@online{ProjectWing,
  author = {Jack Stewart},
  title = {{Google tests drone deliveries in Project Wing trials}},
  year = 2014,
  url = {http://www.bbc.com/news/technology-28964260},
  urldate = {2014-10-17}
}

@techreport{FAA13,
  author = {{Jointed Planning and Development Office (JPDO)}},
  title = {Unmanned Aircraft Systems {(UAS)} Comprehensive Plan -- A Report on the Nation's {UAS} Path Forward},
  institution = {Federal Aviation Administration},
  year = {2013}
}

@INPROCEEDINGS{Debusk10, 
author={Wesley M. Debusk}, 
booktitle={Infotech@Aerospace Conferences}, 
title={Unmanned Aerial Vehicle Systems for Disaster Relief: Tornado Alley}, 
year={2010}, 
}

@article{Mitchell05,
  title={A time-dependent {Hamilton-Jacobi} formulation of reachable sets for continuous dynamic games},
  author={Ian M. Mitchell and Alexandre M. Bayen and Claire J. Tomlin},
  journal={IEEE Transactions on Automatic Control},
  year={July 2005},
  volume={50},
  number={7},
  pages={947-957},
  doi={10.1109/TAC.2005.851439}
}

@INPROCEEDINGS{Chen14, 
author={Mo Chen and Zhengyuan Zhou and Claire J. Tomlin}, 
booktitle={Proceedings of the American Control Conference}, 
title={Multiplayer Reach-Avoid Games via Low Dimensional Solutions and Maximum Matching}, 
year={2014}, 
}

@article{Chen17,
  title={Multiplayer Reach-Avoid Games via Pairwise Outcomes},
  author={Mo Chen and Zhengyuan Zhou and Claire J. Tomlin}, 
  journal={IEEE Transactions on Automatic Control, to appear},
  year={2017}
}

@inproceedings{Ding08,
  title={Reachability Calculations for Automated Aerial Refueling},
  author={Jerry Ding and Jonathan Sprinkle and S. Shankar Sastry and Claire J. Tomlin},
  booktitle={IEEE Conference on Decision and Control},
  address={Cancun, Mexico},
  year={2008},
}

@article{Sabau16,
  author = {Serban Sabau and Cristian Oara and Sean Warnick and Ali Jadbabaie},
  title = {Optimal distributed control for platooning via sparse coprime factorizations},
  journal = {Accepted in IEEE Transactions on Automatic Control},
  year = {2016},
}

@inproceedings{Kopardekar16,
  author = {Parimal Kopardekar and Joseph Rios and Thomas Prevot and Marcus Johnson and Jaewoo Jung and John E. Robinson III},
  title = {UAS Traffic Management (UTM) Concept of Operations to Safely Enable Low Altitude Flight Operations},
  booktitle = {AIAA Aviation Technology, Integration, and Operations Conference},
  year = {2016},
}

%%%%%%%%%%%%%%%%%%%%%%%%%
%%%%%%% NUMERICAL %%%%%%%
%%%%%%%%%%%%%%%%%%%%%%%%%

@INPROCEEDINGS{Chen15, 
author={Mo Chen and Claire J. Tomlin}, 
booktitle={54th IEEE Conference on Decision and Control}, 
title={Exact and Efficient Hamilton-Jacobi Reachability for Decoupled Systems}, 
year={2015}, 
month={December}, 
}

@INPROCEEDINGS{Alton06, 
author={Ken Alton and Ian M. Mitchell}, 
booktitle={Proceedings of the IEEE International Conference on Robotics and Automation, 2006}, 
title={Optimal Path Planning under Different Norms in Continuous State Spaces}, 
year={2006}, 
month={May}, 
pages={866-872}, 
}

@article{Sethian96,
  author = {James A. Sethian}, 
  title = {A fast marching level set method for monotonically advancing fronts},
  volume = {93}, 
  number = {4}, 
  pages = {1591-1595}, 
  year = {1996}, 
  journal = {Proceedings of the National Academy of Sciences} 
}

@book{Osher02,
  author = {Stanley Osher and Ronald Fedkiw},
  title = {Level Set Methods and Dynamic Implicit Surfaces},
  publisher = {Springer-Verlag},
  year = {2002}
}

@book{Lygeros12,
  author = {John Lygeros and Shankar Sastry and Claire Tomlin},
  publisher = {Springer Verlag},
  title = {Hybrid Systems: Foundations, advanced topics and applications},
  year = {2012},
}

@book{LSToolbox,
	author = {Ian Mitchell},
	title = {{A Toolbox of Level Set Methods}},
	url = {\url{http://people.cs.ubc.ca/~mitchell/ToolboxLS/index.html}},
	year = {2009}
}

@article{Kavathekar11,
	author = {Pooja Kavathekar and YangQuan Chen},
	title = {Vehicle Platooning: A Brief Survey and Categorization},
	year = {2011},
	pages = {829-845},
	booktitle = {Proceedings of the ASME Design Engineering Technical Conference},
	volume = {3},
}

@article{Lygeros98, 
  author={John Lygeros and Datta N. Godbole and Shankar S. Sastry}, 
  journal={IEEE Transactions on Automatic Control}, 
  title={Verified hybrid controllers for automated vehicles}, 
  year={1998}, 
  month={Apr}, 
  volume={43}, 
  number={4}, 
  pages={522-539}, 
  doi={10.1109/9.664155}, 
  ISSN={0018-9286}
}

@inproceedings{McMahon90, 
author={H. D. McMahon and K. J. Hedrick and E. S. Shladover}, 
booktitle={American Control Conference, 1990}, 
title={Vehicle Modelling and Control for Automated Highway Systems}, 
year={1990}, 
month={May}, 
pages={297-303}, 
}

@book{Hedrick92,
  title={Transitional Platoon Maneuvers in an Automated Highway System},
  author={K. J. Hedrick and G. Zhang and K. V. Narendran and K. s. Chang and Partners for Advanced Transit and Highways (Calif.) and University of California, Berkeley. Institute of Transportation Studies},
  year={1992},
  publisher={California PATH Program, Institute of Transportation Studies, University of California at Berkeley}
}

@inproceedings{Alam11,
  author = {Assad Alam and Ather Gattami and Karl Henrik Johansson and Claire J. Tomlin},
  month = {August},
  title = {Establishing Safety for Heavy Duty Vehicle Platooning: A Game Theoretical Approach},
  booktitle = {IFAC World Congress},
  year = {2011},
  address = {Milan, Italy}
}



%%%%%%%%%%%%%%%%%%%%%%%%%
%%%%%%% THESES %%%%%%%
%%%%%%%%%%%%%%%%%%%%%%%%%
@phdthesis{Mitchell02,
	title={Application of Level Set Methods to Control and Reachability Problems in Continuous and Hybrid Systems},
	author={Ian Mitchell},
	school={Stanford University},
	year={2002},
}    
